<record><leader>00000cas a2200000 a 4500</leader><controlfield tag="001">42437920</controlfield><controlfield tag="007">hd afb021bucu</controlfield><controlfield tag="007">hd bfb021bubu</controlfield><controlfield tag="008">990927d19291934waudn nea     0   a0eng c</controlfield><datafield ind1=" " ind2=" " tag="010"><subfield code="a">  2005252280</subfield></datafield><datafield ind1=" " ind2=" " tag="040"><subfield code="a">Wa</subfield><subfield code="b">eng</subfield><subfield code="c">W7L</subfield><subfield code="d">OCL</subfield><subfield code="d">WAU</subfield><subfield code="d">OCLCQ</subfield><subfield code="d">OCLCF</subfield><subfield code="d">OCLCO</subfield><subfield code="d">OCLCQ</subfield></datafield><datafield ind1=" " ind2=" " tag="042"><subfield code="a">pcc</subfield></datafield><datafield ind1=" " ind2=" " tag="043"><subfield code="a">n-us-wa</subfield></datafield><datafield ind1="0" ind2=" " tag="082"><subfield code="a">071.9788</subfield><subfield code="2">19</subfield></datafield><datafield ind1="0" ind2="0" tag="245"><subfield code="a">Daily tribune and Kelsonian.</subfield></datafield><datafield ind1=" " ind2=" " tag="260"><subfield code="a">Kelso, Wash. :</subfield><subfield code="b">Kelso Pub. Co.,</subfield><subfield code="c">1929-1934.</subfield></datafield><datafield ind1=" " ind2=" " tag="300"><subfield code="a">6 volumes :</subfield><subfield code="b">illustrations</subfield></datafield><datafield ind1=" " ind2=" " tag="310"><subfield code="a">Daily (except Sunday)</subfield></datafield><datafield ind1=" " ind2=" " tag="336"><subfield code="a">text</subfield><subfield code="b">txt</subfield><subfield code="2">rdacontent</subfield></datafield><datafield ind1=" " ind2=" " tag="337"><subfield code="a">microform</subfield><subfield code="b">h</subfield><subfield code="2">rdamedia</subfield></datafield><datafield ind1=" " ind2=" " tag="338"><subfield code="a">microfilm reel</subfield><subfield code="b">hd</subfield><subfield code="2">rdacarrier</subfield></datafield><datafield ind1="0" ind2=" " tag="362"><subfield code="a">Vol. 25, no. 30 (May 28, 1929)-v. 30, no. 106 (Sept. 15, 1934).</subfield></datafield><datafield ind1=" " ind2=" " tag="500"><subfield code="a">"Cowlitz County's own paper."</subfield></datafield><datafield ind1=" " ind2=" " tag="533"><subfield code="a">Microfilm.</subfield><subfield code="b">[Seattle, Wash.] :</subfield><subfield code="c">Filmed by University of Washington Library.</subfield><subfield code="e">14 microfilm reels ; 35 mm.</subfield><subfield code="n">Filmed with other titles.</subfield></datafield><datafield ind1=" " ind2="0" tag="651"><subfield code="a">Kelso (Wash.)</subfield><subfield code="v">Newspapers.</subfield></datafield><datafield ind1=" " ind2="0" tag="651"><subfield code="a">Cowlitz County (Wash.)</subfield><subfield code="v">Newspapers.</subfield></datafield><datafield ind1=" " ind2="7" tag="651"><subfield code="a">Washington (State)</subfield><subfield code="z">Cowlitz County.</subfield><subfield code="2">fast</subfield><subfield code="0">(OCoLC)fst01221056</subfield></datafield><datafield ind1=" " ind2="7" tag="651"><subfield code="a">Washington (State)</subfield><subfield code="z">Kelso.</subfield><subfield code="2">fast</subfield><subfield code="0">(OCoLC)fst01220829</subfield></datafield><datafield ind1=" " ind2="7" tag="655"><subfield code="a">Newspapers.</subfield><subfield code="2">fast</subfield><subfield code="0">(OCoLC)fst01423814</subfield></datafield><datafield ind1=" " ind2=" " tag="752"><subfield code="a">United States</subfield><subfield code="b">Washington</subfield><subfield code="c">Cowlitz</subfield><subfield code="d">Kelso.</subfield></datafield><datafield ind1="1" ind2=" " tag="776"><subfield code="c">Original</subfield><subfield code="w">(DLC)sn 87093137</subfield><subfield code="w">(OCoLC)17023643</subfield></datafield><datafield ind1="0" ind2="0" tag="780"><subfield code="t">Daily Kelsonian-tribune (Kelso, Wash. : 1927)</subfield><subfield code="w">(DLC)  2005252279</subfield><subfield code="w">(OCoLC)57900187</subfield></datafield><datafield ind1="0" ind2="0" tag="785"><subfield code="t">Daily Kelsonian-tribune (Kelso, Wash. : 1934)</subfield><subfield code="w">(DLC)  2005252281</subfield><subfield code="w">(OCoLC)42338049</subfield></datafield><datafield ind1="1" ind2=" " tag="029"><subfield code="a">AU@</subfield><subfield code="b">000026769968</subfield></datafield></record>